
@Article{fic,
  author = 	 {Claeskens, G. and Hjort, N.},
  title = 	 {{The Focused Information Criterion (with discussion)}},
  journal = 	 {Journal of the American Statistical Association},
  year = 	 {2003},
  volume =	 {98},
  number =	 {464},
  pages =	 {900-945}
}

@Article{hjort:claeskens,
  author = 	 {Hjort, N. and Claeskens, G.},
  title = 	 {{Frequentist Model Average Estimators}},
  journal = 	 {Journal of the American Statistical Association},
  year = 	 {2003},
  volume =	 {98},
  volume={98},
  number={464},
  pages={879--899},
  year={2003}
}

@Book{claeskens:hjort:book,
  author =	 {Claeskens, G. and Hjort, N.},
  title = 	 {{Model Selection and Model Averaging}},
  publisher = 	 {Cambridge University Press},
  year = 	 {2008}
}


@InProceedings{aic,
  author = 	 {Akaike, H.},
  title = 	 {{Information Theory and an Extension of the Maximum Likelihood Principle}},
  booktitle = 	 {2nd International Symposium on Information Theory},
  pages =	 {267-281},
  year =	 {1973},
  editor =	 {Petrov, B. and Csaki, F.},
  publisher =	 {Akademiai Kiado, Budapest}
}

@article{schwarz,
  title={{Estimating the Dimension of a Model}},
  author={Schwarz, G.},
  journal={The Annals of Statistics},
  volume={6},
  number={2},
  pages={461--464},
  year={1978}
}

@Article{kass:wasserman,
  author = 	 {Kass, R. E. and Wasserman, L.},
  title = 	 {{A Reference Bayesian Test for Nested Hypotheses with Large Samples}},
  journal = 	 {Journal of the American Statistical Association},
  year = 	 {1995},
  volume =	 {90},
  pages =	 {928-934}
}

@book{burnham:anderson:book,
  title={{Model Selection and Multimodel Inference: A Practical Information-Theoretic Approach}},
  author={Burnham, K. P and Anderson, D. R.},
  year={2003},
  publisher={Springer}
}

@book{hosmer:lemeshow:firstedition,
  title={{Applied Logistic Regression}},
  author={Hosmer, D. W. and Lemeshow, S.},
  year={1989},
  publisher={John Wiley \& Sons}
}
                  
@Book{venables:ripley,
  author =	 {Venables, W. N. and Ripley, B. D.},
  title = 	 {{Modern Applied Statistics with \proglang{S}}},
  publisher = 	 {Springer},
  year = 	 {2002},
  edition =	 {4th edition}
}

@article{sauerbrei1999building,
  title={{Building Multivariable Prognostic and Diagnostic Models: Transformation of the Predictors by Using Fractional Polynomials}},
  author={Sauerbrei, W. and Royston, P.},
  journal={Journal of the Royal Statistical Society A},
  volume={162},
  number={1},
  pages={71--94},
  year={1999},
  publisher={Wiley Online Library}
}

@article{fic:cox,
  title={{Focused Information Criteria and Model Averaging for the Cox Hazard Regression Model}},
  author={Hjort, Nils Lid and Claeskens, Gerda},
  journal={Journal of the American Statistical Association},
  volume={101},
  number={476},
  pages={1449--1464},
  year={2006},
  publisher={Taylor \& Francis}
}

@Book{andersen:1993,
  author =	 {Andersen, P. K. and Borgan, O. and Gill, R. D. and Keiding, N.},
  ALTeditor = 	 {},
  title = 	 {{Statistical Models Based on Counting Processes}},
  publisher = 	 {Springer},
  year = 	 {1993},
  OPTkey = 	 {},
  OPTvolume = 	 {},
  OPTnumber = 	 {},
  OPTseries = 	 {},
  address =	 {New York},
  OPTedition = 	 {},
  OPTmonth = 	 {},
  OPTnote = 	 {},
  OPTannote = 	 {}
}

@article{gueuning2018,
  title={{A High-Dimensional Focused Information Criterion}},
  author={Gueuning, Thomas and Claeskens, Gerda},
  journal={Scandinavian Journal of Statistics},
  volume={45},
  number={1},
  pages={34--61},
  year={2018},
  publisher={Wiley Online Library}
}


@Manual{numDeriv,
    title = {{\pkg{numDeriv}: Accurate Numerical Derivatives}},
    author = {Paul Gilbert and Ravi Varadhan},
    year = {2016},
    note = {R package version 2016.8-1},
    url = {https://CRAN.R-project.org/package=numDeriv},
}

@Manual{survival-package,
  title = {{A Package For Survival Analysis In \proglang{S}}},
  author = {Terry M Therneau},
  year = {2015},
  note = {version 2.38},
  url = {https://CRAN.R-project.org/package=survival},
}

@Article{flexsurv,
  title = {{\pkg{flexsurv}: A Platform for Parametric Survival Modeling in \proglang{R}}},
  author = {Christopher Jackson},
  journal = {Journal of Statistical Software},
  year = {2016},
  volume = {70},
  number = {8},
  pages = {1--33},
  doi = {10.18637/jss.v070.i08},
}


@Article{msmjss,
  author = 	 {Jackson, C. H.},
  title = 	 {{Multi-State Models for Panel Data: The \pkg{msm} Package for \proglang{R}}},
  journal = {Journal of Statistical Software},
  year = 	 {2011},
  OPTkey = 	 {},
  volume =	 {38},
  number =	 {8},
  OPTpages = 	 {},
  OPTmonth = 	 {},
  OPTnote = 	 {},
  OPTannote = 	 {}
}



@Article{kalbfleisch:lawless,
  author = 	 {Kalbfleisch, J.D. and Lawless, J.F.},
  title = 	 {{The Analysis of Panel Data under a {M}arkov Assumption}},
  journal = 	 {Journal of the American Statistical Association},
  year = 	 {1985},
  OPTkey = 	 {},
  volume =	 {80},
  number =	 {392},
  pages =	 {863-871},
  OPTmonth = 	 {},
  OPTnote = 	 {},
  OPTannote = 	 {}
}


@article{gladman1999progression,
  title={{Progression in Psoriatic Arthritis: Role of Time Varying Clinical Indicators.}},
  author={Gladman, D.F. and Farewell, V.T.},
  journal={The Journal of Rheumatology},
  volume={26},
  number={11},
  pages={2409--2413},
  year={1999}
}

@Article{my:averaging:bayesian,
  author = 	 {Jackson, C. H. and Sharples, L. D. and Thompson, S. G.},
  title = 	 {{Structural and Parameter Uncertainty in Bayesian Cost-Effectiveness Models}},
  journal =	 jrssc,
  year = 	 {2010},
  OPTkey = 	 {},
  volume =	 {59},
  number =	 {2},
  pages =	 {233-253},
  OPTmonth = 	 {},
  OPTnote =	 {Published online 28 Sep 2009. DoI: 10.1111/j.1467-9876.2009.00684.x.},
  OPTannote = 	 {}
}

@article{breiman1996bagging,
  title={{Bagging Predictors}},
  author={Breiman, Leo},
  journal={Machine Learning},
  volume={24},
  number={2},
  pages={123--140},
  year={1996},
  publisher={Springer}
}

@Article{dic,
  author = 	 {Spiegelhalter, D. J. and Best, N. G. and Carlin, B. P. and van der Linde, A.},
  title = 	 {{Bayesian Measures of Model Complexity and Fit (with Discussion)}},
  journal    =   jrssb,
  year = 	 {2002},
  OPTkey = 	 {},
  OPTtype = 	 {},
  volume =	 {64},
  number =	 {4},
  pages =	 {583-639},
  OPTannote = 	 {}
}

@Article{plummer:dic,
  author = 	 {Plummer, M.},
  title = 	 {{Penalized Loss Functions for {Bayesian} Model Comparison}},
  journal = 	 {Biostatistics},
  year = 	 {2008},
  OPTkey = 	 {},
  volume =	 {9},
  number =	 {3},
  pages =	 {523-539},
  OPTmonth = 	 {},
  OPTnote =	 {},
  OPTannote = 	 {}
}

@article{vehtari2017practical,
  title={{Practical Bayesian Model Evaluation Using Leave-One-Out Cross-Validation and WAIC}},
  author={Vehtari, A. and Gelman, A. and Gabry, J.},
  journal={Statistics and Computing},
  volume={27},
  number={5},
  pages={1413--1432},
  year={2017},
  publisher={Springer}
}

@article{watanabe2013widely,
  title={{A Widely Applicable Bayesian Information Criterion}},
  author={Watanabe, S.},
  journal={Journal of Machine Learning Research},
  volume={14},
  number={Mar},
  pages={867--897},
  year={2013}
}

@article{yao:stacking,
  title={{Using Stacking to Average Bayesian Predictive Distributions (with discussion)}},
  author={Yao, Y. and Vehtari, A. and Simpson, D. and Gelman, A.},
  journal={Bayesian Analysis},
  volume={13},
  number={3},
  pages={917--1003},
  year={2018},
  publisher={International Society for Bayesian Analysis}
}

@article{cook1994introduction,
  title={{An Introduction to Regression Graphics}},
  author={Cook, R. D. and Weisberg, S.},
  year={1994},
  publisher={Wiley}
}

  @Manual{sn,
    title = {{The \proglang{R} Package \pkg{sn}: The Skew-Normal and Related Distributions Such As
                  the Skew-$t$ (version 1.5-3).}},
    author = {A. Azzalini},
    address = {Universit\`a di Padova, Italia},
    year = {2018},
    url = {http://azzalini.stat.unipd.it/SN},
  }


@article{henderson1981building,
  title={{Building Multiple Regression Models Interactively}},
  author={Henderson, H. V. and Velleman, P. F.},
  journal={Biometrics},
  volume={37},
  number={2},
  pages={391--411},
  year={1981}
}

  @Manual{gapminder:pkg,
    title = {{\pkg{gapminder}: Data from Gapminder}},
    author = {Jennifer Bryan},
    year = {2017},
    note = {R package version 0.3.0},
    url = {https://CRAN.R-project.org/package=gapminder},
  }

@Article{royston:parmar,
  author = 	 {Royston, P. and Parmar, M.},
  title = 	 {{Flexible Parametric Proportional-Hazards and Proportional-Odds Models for Censored Survival Data, with Application to Prognostic Modelling and Estimation of Treatment Effects}},
  journal = 	 sim,
  year = 	 {2002},
  OPTkey = 	 {},
  volume =	 {21},
  number =	 {1},
  pages =	 {2175--2197},
  OPTmonth = 	 {},
  OPTnote = 	 {},
  OPTannote = 	 {}
}

@article{berk:postselection,
  title={{Valid Post-Selection Inference}},
  author={Berk, R. and Brown, L. and Buja, A. and Zhang, K. and Zhao, L.},
  journal={The Annals of Statistics},
  volume={41},
  number={2},
  pages={802--837},
  year={2013},
  publisher={Institute of Mathematical Statistics}
}

@article{jullum2017parametric,
  title={{Parametric or Nonparametric: The FIC Approach}},
  author={Jullum, M. and Hjort, N.L.},
  journal={Statistica Sinica},
  pages={951--981},
  year={2017},
  publisher={JSTOR}
}

@article{jullum:coxvspar,
  title={{What Price Semiparametric Cox Regression?}},
  author={Jullum, M. and Hjort, N. L.},
  journal={Lifetime Data Analysis},
  pages={1--33},
  year={2018},
  publisher={Springer}
}


@Article{ko:fic:copula,
  author = 	 {Ko, V. and Hjort, N.L. and Hob√¶k Haff, I.},
  title = 	 {{Focused Information Criteria for Copulae}},
  journal = 	 {Scandinavian Journal of Statistics},
  year = 	 {2019},
  OPTkey = 	 {},
  OPTvolume = 	 {},
  OPTnumber = 	 {},
  OPTpages = 	 {},
  OPTmonth = 	 {},
  note =	 {(to appear)},
  OPTannote = 	 {}
}

@article{hellton2018fridge,
  title={{Fridge: Focused Fine-Tuning of Ridge Regression for Personalized Predictions}},
  author={Hellton, K.H. and Hjort, N.L.},
  journal={Statistics in Medicine},
  volume={37},
  number={8},
  pages={1290--1303},
  year={2018},
  publisher={Wiley Online Library}
}

@article{hansen:averaging:2014,
  title={{Model Averaging, Asymptotic Risk, and Regressor Groups}},
  author={Hansen, B. E.},
  journal={Quantitative Economics},
  volume={5},
  number={3},
  pages={495--530},
  year={2014},
  publisher={Wiley Online Library}
}

@article{zhang:averaging,
  title={{Optimal Model Averaging Estimation for Generalized Linear Models and Generalized Linear Mixed-Effects Models}},
  author={Zhang, X. and Yu, D. and Zou, G. and Liang, H.},
  journal={Journal of the American Statistical Association},
  volume={111},
  number={516},
  pages={1775--1790},
  year={2016},
  publisher={Taylor \& Francis}
}

@article{charkhi:claeskens,
  title={{Asymptotic Post-Selection Inference for the Akaike Information Criterion}},
  author={Charkhi, A. and Claeskens, G.},
  journal={Biometrika},
  volume={105},
  number={3},
  pages={645--664},
  year={2018},
  publisher={Oxford University Press}
}

@Article{bachoc:postsel,
  author = 	 {Bachoc, F. and Leeb, H. and P\"otscher, B.M.},
  title = 	 {{Valid Confidence Intervals for Post-Model-Selection Predictors}},
  journal = 	 {The Annals of Statistics},
  year = 	 {2019},
  OPTkey = 	 {},
  volume =	 {47},
  number =	 {3},
  pages =	 {1475-1504},
  OPTmonth = 	 {},
  OPTnote = 	 {},
  OPTannote = 	 {}
}

